@misc{my_first_report,
  author={Matteo Gottardelli},
  title={First Parallel Project},
  year={2024},
  pages={1-4},
  howpublished={\url{https://github.com/Gotta003/Matteo_Gottardelli_Intro_Parco_H1-2024-2025}}
}

@misc{2D-Transpose-Methods,
  author={Namugwanya, Evelyn},
  title={An MPI-based 2D data redistribution library for dense arrays},
  year={2021},
  section={Methodology},
  howpublished={\url{https://scholar.utc.edu/theses/726}}
}

@misc{Table_Results,
  author={Namugwanya, Evelyn},
  title={An MPI-based 2D data redistribution library for dense arrays},
  year={2021},
  section={Results},
  pages={43},
  howpublished={\url{https://scholar.utc.edu/theses/726}}
}

@misc{amdahls-law,
  author={Hill, Mark D. and Marty, Michael R.},
  journal={Computer}, 
  title={Amdahl's Law in the Multicore Era}, 
  year={2008},
  volume={41},
  number={7},
  pages={33-38},
  keywords={Multicore processing;Costs;Pipelines;Hardware;Roads;Energy management;Multiprocessor interconnection networks;Parallel processing;Equations;Computer architecture;Amdahl's law;multicore chips;chip multiprocessors (CMPs)},
  doi={10.1109/MC.2008.209}
}
